% This file was created with JabRef 2.5.
% Encoding: UTF-8


@MISC{WGS84,
	author = {{Wikipedia}},
	title = {World geodetic system},
	url = {http://en.wikipedia.org/wiki/WGS_84}
}

@BOOK{beardsmall,
	title={Small Unmanned Aircraft: Theory and Practice},
	author={Beard, Randal W and McLain, Timothy W}
}



@comment{jabref-meta: selector_publisher:}

@comment{jabref-meta: selector_author:}

@comment{jabref-meta: selector_journal:}

@comment{jabref-meta: selector_keywords:}

